<record><leader>00000cas a22000007a 4500</leader><controlfield tag="001">18571526</controlfield><controlfield tag="008">881005d19031937nduwr ne      0    0eng d</controlfield><datafield ind1=" " ind2=" " tag="010"><subfield code="a">sn 88076370 </subfield></datafield><datafield ind1=" " ind2=" " tag="040"><subfield code="a">NOP</subfield><subfield code="b">eng</subfield><subfield code="c">NOP</subfield><subfield code="d">OCLCQ</subfield></datafield><datafield ind1=" " ind2=" " tag="042"><subfield code="a">msc</subfield></datafield><datafield ind1="0" ind2="0" tag="245"><subfield code="a">Glenburn advance.</subfield></datafield><datafield ind1=" " ind2=" " tag="260"><subfield code="a">Glenburn, Ward County, N.D. :</subfield><subfield code="b">Scott &amp; Swenson</subfield></datafield><datafield ind1=" " ind2=" " tag="300"><subfield code="a">v. :</subfield><subfield code="b">ill. ;</subfield><subfield code="c">55-61 cm.</subfield></datafield><datafield ind1=" " ind2=" " tag="310"><subfield code="a">Weekly</subfield></datafield><datafield ind1="1" ind2=" " tag="362"><subfield code="a">Began Oct. 23, 1903.</subfield></datafield><datafield ind1="0" ind2=" " tag="362"><subfield code="a">-v. 34, no. 34 (Mar. 4, 1937).</subfield></datafield><datafield ind1=" " ind2=" " tag="500"><subfield code="a">"Official paper of Renville County", 1913-1920.</subfield></datafield><datafield ind1=" " ind2=" " tag="530"><subfield code="a">Available on microfilm from the State Historical Society of North Dakota.</subfield></datafield><datafield ind1=" " ind2=" " tag="588"><subfield code="a">Description based on: Vol. 2, no. 7 (Feb. 19, 1904).</subfield></datafield><datafield ind1=" " ind2=" " tag="752"><subfield code="a">United States</subfield><subfield code="b">North Dakota</subfield><subfield code="c">Renville</subfield><subfield code="d">Glenburn.</subfield></datafield><datafield ind1=" " ind2=" " tag="752"><subfield code="a">United States</subfield><subfield code="b">North Dakota</subfield><subfield code="c">Ward</subfield><subfield code="d">Glenburn.</subfield></datafield><datafield ind1="0" ind2="0" tag="780"><subfield code="t">Glenburn tribune</subfield></datafield><datafield ind1="0" ind2="7" tag="785"><subfield code="t">Renville County farmer (Mohall, N.D. : 1928)</subfield><subfield code="w">(DLC)sn 88076367</subfield></datafield><datafield ind1="0" ind2="7" tag="785"><subfield code="t">Renville County farmer and Glenburn advance</subfield><subfield code="w">(DLC)sn 88076368</subfield></datafield><datafield ind1="1" ind2=" " tag="029"><subfield code="a">AU@</subfield><subfield code="b">000025837754</subfield></datafield></record>